@misc{keras,
author = {François Chollet },
title = {keras},
year = {2015},
publisher = {GitHub},
journal = {GitHub repository},
howpublished = {\url{https://github.com/fchollet/keras}},
release = {2.3.1}
}

@inproceedings{triad,
author = {Tsitsiklis, John N. and Van Roy, Benjamin},
title = {Analysis of Temporal-Difference Learning with Function Approximation},
year = {1996},
publisher = {MIT Press},
address = {Cambridge, MA, USA},
booktitle = {Proceedings of the 9th International Conference on Neural Information Processing Systems},
pages = {1075–1081},
numpages = {7},
location = {Denver, Colorado},
series = {NIPS’96}
}

@article{DQN,
author = {Mnih, Volodymyr and Kavukcuoglu, Koray and Silver, David and Rusu, Andrei and Veness, Joel and Bellemare, Marc and Graves, Alex and Riedmiller, Martin and Fidjeland, Andreas and Ostrovski, Georg and Petersen, Stig and Beattie, Charles and Sadik, Amir and Antonoglou, Ioannis and King, Helen and Kumaran, Dharshan and Wierstra, Daan and Legg, Shane and Hassabis, Demis},
year = {2015},
month = {02},
pages = {529-33},
title = {Human-level control through deep reinforcement learning},
volume = {518},
journal = {Nature},
doi = {10.1038/nature14236}
}

@unpublished{learning_to_play,
title="Learning to Play, Reinforcement Learning and Games",
author="Aske Plaat",
year="2020"
}

@inproceedings{solving_hex,
author = {Henderson, Philip and Arneson, Broderick and Hayward, Ryan},
year = {2009},
month = {01},
pages = {505-510},
title = {Solving 8x8 Hex},
journal = {IJCAI International Joint Conference on Artificial Intelligence}
}

@article{cp,
author = {Kuipers, J. and Vermaseren, J. and Plaat, Aske and Herik, H.},
year = {2012},
month = {07},
pages = {},
title = {Improving multivariate Homer schemes with Monte Carlo tree search},
volume = {184},
journal = {Computer Physics Communications},
doi = {10.1016/j.cpc.2013.05.008}
}

@ARTICLE{shannon_hex,
author={C. E. {Shannon}},
journal={Proceedings of the IRE},
title={Computers and Automata},
year={1953},
volume={41},
number={10},
pages={1234-1241},
keywords={Logic;Telephony;Humans;Learning automata;Boolean algebra;Relays;Control systems;Automatic control;Power system reliability;Power system protection},
doi={10.1109JRPROC.1953.274273},
ISSN={2162-6634},
month={Oct},
}

@misc{Trueskill,
  author = {Microsoft},
  title = {{TrueSkill documents}},
  howpublished = "\url{https://trueskill.org/}",
  note = "[Online;]"
}

@misc{Blog,
  author = {Stackexchange},
  title = {{Coding Hex Game}},
  howpublished = "\url{https://codegolf.stackexchange.com/questions/51291/coding-hex-board-game/}",
  note = "[Online;]"
}

@software{mctspy,
  author = {{Kamil Czarnogórski}},
  title = {mctspy},
  url = {https://github.com/int8/monte-carlo-tree-search},
  version = {0.1.1},
  date = {2020-3-26},
}

@ARTICLE{scipy,
    author = {{Virtanen}, Pauli and {Gommers}, Ralf and {Oliphant},
        Travis E. and {Haberland}, Matt et al},
    other_authors= {Matt and {Reddy}, Tyler and
        {Cournapeau}, David and {Burovski}, Evgeni and {Peterson}, Pearu
        and {Weckesser}, Warren and {Bright}, Jonathan and {van der Walt},
        St{\'e}fan J.  and {Brett}, Matthew and {Wilson}, Joshua and
        {Jarrod Millman}, K.  and {Mayorov}, Nikolay and {Nelson}, Andrew
        R.~J. and {Jones}, Eric and {Kern}, Robert and {Larson}, Eric and
        {Carey}, CJ and {Polat}, {\.I}lhan and {Feng}, Yu and {Moore},
        Eric W. and {Vand erPlas}, Jake and {Laxalde}, Denis and
        {Perktold}, Josef and {Cimrman}, Robert and {Henriksen}, Ian and
        {Quintero}, E.~A. and {Harris}, Charles R and {Archibald}, Anne M.
        and {Ribeiro}, Ant{\^o}nio H. and {Pedregosa}, Fabian and
        {van Mulbregt}, Paul and {Contributors}, SciPy 1. 0},
    title = "{SciPy 1.0: Fundamental Algorithms for Scientific
                Computing in Python}",
    journal = {Nature Methods},
    year = "2020",
    volume={17},
    pages={261--272},
    adsurl = {https://rdcu.be/b08Wh},
    doi = {https://doi.org/10.1038/s41592-019-0686-2},
}

@article{matplotlib,
    author = {Hunter,John D. },
    title = {Matplotlib: A 2D Graphics Environment},
    journal = {Computing in Science \& Engineering},
    volume = {9},
    number = {3},
    pages = {90-95},
    year = {2007},
    doi = {10.1109/MCSE.2007.55},
    URL = { https://aip.scitation.org/doi/abs/10.1109/MCSE.2007.55 },
    eprint = { https://aip.scitation.org/doi/pdf/10.1109/MCSE.2007.55}
}

@article{numpy,
    author = {Walt,Stéfan van der  and Colbert,S. Chris  and Varoquaux,Gaël },
    title = {The NumPy Array: A Structure for Efficient Numerical Computation},
    journal = {Computing in Science \& Engineering},
    volume = {13},
    number = {2},
    pages = {22-30},
    year = {2011},
    doi = {10.1109/MCSE.2011.37},
    URL = { https://aip.scitation.org/doi/abs/10.1109/MCSE.2011.37 },
    eprint = { https://aip.scitation.org/doi/pdf/10.1109/MCSE.2011.37 }
}

@article{sklearn,
author = {Pedregosa, Fabian and Varoquaux, Gael and Gramfort, Alexandre and Michel, Vincent and Thirion, Bertrand and Grisel, Olivier and Blondel, Mathieu and Prettenhofer, Peter and Weiss, Ron and Dubourg, Vincent and Vanderplas, Jake and Passos, Alexandre and Cournapeau, David and Brucher, Matthieu and Perrot, Matthieu and Duchesnay, Edouard and Louppe, Gilles},
year = {2012},
month = {01},
pages = {},
title = {Scikit-learn: Machine Learning in Python},
volume = {12},
journal = {Journal of Machine Learning Research}
}